@article{czaplicki_elm:_2012,
	title = {Elm: Concurrent {FRP} for Functional {GUIs}},
	shorttitle = {Elm},
	url = {https://www.intranet.seas.harvard.edu/academics/undergraduate/computer-science/thesis/Czaplicki.pdf},
	urldate = {2013-02-26},
	author = {Czaplicki, Evan},
	year = {2012},
	file = {thesis.pdf:/home/miguel/.mozilla/firefox/opr6v9v9.default/zotero/storage/DH6BEFM2/thesis.pdf:application/pdf}
}

@misc{_fplib_????,
	title = {{FPLib}},
	url = {https://github.com/miguel-negrao/FPLib},
	abstract = {{FPLib} - Functional Programming library for {SuperCollider}},
	urldate = {2014-03-14},
	journal = {{GitHub} - {FPLib}},
	file = {Snapshot:/home/miguel/.mozilla/firefox/opr6v9v9.default/zotero/storage/MBR2WXUP/FPLib.html:text/html}
}

@inproceedings{elliott_push-pull_2009,
	title = {Push-pull functional reactive programming},
	url = {http://conal.net/papers/push-pull-frp/},
	urldate = {2013-01-11},
	booktitle = {Proceedings of the 2nd {ACM} {SIGPLAN} symposium on Haskell},
	author = {Elliott, C. M.},
	year = {2009},
	keywords = {programming},
	pages = {25–36},
	file = {Elliott_2009_Push-pull functional reactive programming.pdf:/home/miguel/.mozilla/firefox/opr6v9v9.default/zotero/storage/AKXX6GT5/Elliott_2009_Push-pull functional reactive programming.pdf:application/pdf}
}

@article{hudak_functional_1999,
	title = {Functional reactive programming},
	url = {http://www.springerlink.com/index/G8TF9GAMJGD6N9DR.pdf},
	urldate = {2013-02-20},
	journal = {Programming Languages and Systems},
	author = {Hudak, Paul},
	year = {1999},
	pages = {67–67},
	file = {Snapshot:/home/miguel/.mozilla/firefox/opr6v9v9.default/zotero/storage/442RXF54/10.html:text/html}
}

@article{hudak_arrows_2003,
	title = {Arrows, robots, and functional reactive programming},
	url = {http://www.springerlink.com/index/VW92AD4D3Y8YWN1D.pdf},
	urldate = {2013-02-21},
	journal = {Advanced Functional Programming},
	author = {Hudak, Paul and Courtney, Antony and Nilsson, Henrik and Peterson, John},
	year = {2003},
	pages = {1949–1949},
	file = {Hudak et al_2003_Arrows, robots, and functional reactive programming.pdf:/home/miguel/.mozilla/firefox/opr6v9v9.default/zotero/storage/T4BFX9RG/Hudak et al_2003_Arrows, robots, and functional reactive programming.pdf:application/pdf;Snapshot:/home/miguel/.mozilla/firefox/opr6v9v9.default/zotero/storage/VBS5WDTV/10.html:text/html}
}

@article{bainomugisha_survey_????,
	title = {A Survey on Reactive Programming},
	url = {ftp://progftp.vub.ac.be/tech_report/2012/vub-soft-tr-12-13.pdf},
	urldate = {2013-03-09},
	author = {Bainomugisha, Engineer and Carreton, Andoni Lombide and Van Cutsem, Tom and Mostinckx, Stijn and De Meuter, Wolfgang}
}

@inproceedings{elliott_functional_1997,
	title = {Functional reactive animation},
	volume = {32},
	url = {http://dl.acm.org/citation.cfm?id=258973},
	urldate = {2013-02-21},
	booktitle = {{ACM} {SIGPLAN} Notices},
	author = {Elliott, Conal and Hudak, Paul},
	year = {1997},
	pages = {263–273},
	file = {Elliott_Hudak_1997_Functional reactive animation.pdf:/home/miguel/.mozilla/firefox/opr6v9v9.default/zotero/storage/WEG8T8TP/Elliott_Hudak_1997_Functional reactive animation.pdf:application/pdf;Snapshot:/home/miguel/.mozilla/firefox/opr6v9v9.default/zotero/storage/P2KMTJ25/citation.html:text/html}
}


@misc{_unit-lib_????,
	title = {Unit-Lib},
	url = {https://github.com/GameOfLife/Unit-Lib},
	abstract = {Unit-Lib - The Unit Library is a system that provides high level abstractions on top of the {SuperCollider} language.},
	urldate = {2014-03-11},
	journal = {{GitHub} - {UnitLib}},
	file = {Snapshot:/home/miguel/.mozilla/firefox/opr6v9v9.default/zotero/storage/WT3Q7JED/Unit-Lib.html:text/html}
}

@article{mccartney_rethinking_2002,
	title = {Rethinking the Computer Music Language: Super Collider},
	volume = {26},
	issn = {0148-9267},
	shorttitle = {Rethinking the Computer Music Language},
	url = {http://www.jstor.org/stable/3681770},
	doi = {10.2307/3681770},
	number = {4},
	urldate = {2013-01-11},
	journal = {Computer Music Journal},
	author = {{McCartney}, James},
	month = dec,
	year = {2002},
	pages = {61--68},
	file = {McCartney_2002_Rethinking the Computer Music Language.pdf:/home/miguel/.mozilla/firefox/opr6v9v9.default/zotero/storage/JXSRNR5F/McCartney_2002_Rethinking the Computer Music Language.pdf:application/pdf}
}
